<?xml version="1.0" encoding="UTF-8"?>
<collection xmlns:xsi="http://www.w3.org/2001/XMLSchema-instance" xsi:schemaLocation="http://www.loc.gov/MARC21/slim http://www.loc.gov/standards/marcxml/schema/MARC21slim.xsd" xmlns="http://www.loc.gov/MARC21/slim">
<record>
  <leader>01658cam a2200349   4500</leader>
  <controlfield tag="001">3077444</controlfield>
  <controlfield tag="003">NNC</controlfield>
  <controlfield tag="005">20160623143848.0</controlfield>
  <controlfield tag="008">870429s1949    ua a          000 0 arar </controlfield>
  <datafield tag="010" ind1=" " ind2=" ">
    <subfield code="a">   74218579 /NE</subfield>
  </datafield>
  <datafield tag="035" ind1=" " ind2=" ">
    <subfield code="a">(OCoLC)15608012</subfield>
  </datafield>
  <datafield tag="035" ind1=" " ind2=" ">
    <subfield code="a">(OCoLC)ocm15608012</subfield>
  </datafield>
  <datafield tag="035" ind1=" " ind2=" ">
    <subfield code="9">ATQ1083CU</subfield>
  </datafield>
  <datafield tag="035" ind1=" " ind2=" ">
    <subfield code="a">(NNC)3077444</subfield>
  </datafield>
  <datafield tag="040" ind1=" " ind2=" ">
    <subfield code="a">DLC</subfield>
    <subfield code="c">InU</subfield>
    <subfield code="d">InU</subfield>
    <subfield code="d">EG-CaAUA</subfield>
  </datafield>
  <datafield tag="041" ind1="1" ind2=" ">
    <subfield code="a">ara</subfield>
    <subfield code="h">eng</subfield>
  </datafield>
  <datafield tag="043" ind1=" " ind2=" ">
    <subfield code="a">ma-----</subfield>
  </datafield>
  <datafield tag="066" ind1=" " ind2=" ">
    <subfield code="c">(3</subfield>
  </datafield>
  <datafield tag="090" ind1=" " ind2=" ">
    <subfield code="a">LA1045</subfield>
    <subfield code="b">.M312</subfield>
  </datafield>
  <datafield tag="100" ind1="1" ind2=" ">
    <subfield code="6">880-01</subfield>
    <subfield code="a">Matthews, Roderic D.</subfield>
    <subfield code="q">(Roderic Donald),</subfield>
    <subfield code="d">1899-</subfield>
  </datafield>
  <datafield tag="240" ind1="1" ind2="0">
    <subfield code="a">Education in Arab countries of the Near East.</subfield>
    <subfield code="l">Arabic</subfield>
  </datafield>
  <datafield tag="245" ind1="1" ind2="3">
    <subfield code="6">880-02</subfield>
    <subfield code="a">al-Tarbīyah fī al-Sharq al-Awsaṭ al-ʻArabī :</subfield>
    <subfield code="b">Miṣr, al-ʻIrāq, Filasṭīn, Sharq al-Urdun, Sūriyā, Lubnān /</subfield>
    <subfield code="c">li-muʾallifayhi Rūdurīk Māthiyūz wa-Mattá ʻAqrāwī ; naqalahu ilá al-ʻArabīyah wa-ashrafa ʻalá ṭabʻihi Amīr Buqṭur.</subfield>
  </datafield>
  <datafield tag="260" ind1=" " ind2=" ">
    <subfield code="6">880-03</subfield>
    <subfield code="a">[Cairo] :</subfield>
    <subfield code="b">al-Maṭbaʻah al-ʻAṣirīyah,</subfield>
    <subfield code="c">1949.</subfield>
  </datafield>
  <datafield tag="300" ind1=" " ind2=" ">
    <subfield code="a">19, 746 p. :</subfield>
    <subfield code="b">ill. ;</subfield>
    <subfield code="c">24 cm.</subfield>
  </datafield>
  <datafield tag="500" ind1=" " ind2=" ">
    <subfield code="a">Romanized record.</subfield>
  </datafield>
  <datafield tag="650" ind1=" " ind2="0">
    <subfield code="a">Education</subfield>
    <subfield code="z">Arab countries.</subfield>
  </datafield>
  <datafield tag="700" ind1="1" ind2=" ">
    <subfield code="a">Akrawi, Matta,</subfield>
    <subfield code="d">1901-1982.</subfield>
  </datafield>
  <datafield tag="880" ind1="1" ind2=" ">
    <subfield code="6">100-01/(3/r</subfield>
    <subfield code="a">ماثيوز، رودريك دونلد،</subfield>
    <subfield code="d">1899-</subfield>
  </datafield>
  <datafield tag="880" ind1="1" ind2="3">
    <subfield code="6">245-02/(3/r</subfield>
    <subfield code="a">التربية فى الشرق الاوسط العربى :</subfield>
    <subfield code="b">مصر، العراق، فلسطين، شرق الاردن، سوريا، لبنان /</subfield>
    <subfield code="c">لمؤلفيه رودريك ماثيوز و متى عقراوى ، نقله الى العربية واشرف على طبعه امير بقطر.</subfield>
  </datafield>
  <datafield tag="880" ind1=" " ind2=" ">
    <subfield code="6">260-03/(3/r</subfield>
    <subfield code="a">[القاهرة] :</subfield>
    <subfield code="b">المطبعة العصرية،</subfield>
    <subfield code="c">1949.</subfield>
  </datafield>
  <datafield tag="955" ind1=" " ind2=" ">
    <subfield code="b">0027034739</subfield>
    <subfield code="d">glx</subfield>
    <subfield code="e">893.785 M43</subfield>
  </datafield>
</record>
</collection>